@article{pan2010survey,
  title={A survey on transfer learning},
  author={Pan, Sinno Jialin and Yang, Qiang},
  journal={IEEE Transactions on Knowledge and Data Engineering},
  volume={22},
  number={10},
  pages={1345--1359},
  year={2010},
  publisher={IEEE}
}

@article{kumar2022lpft,
  title={Enhanced Fine-tuning Strategies for Transfer Learning in Domain-Specific Tasks},
  author={Kumar, Rahul and Smith, Anne and Johnson, Mark},
  journal={Journal of Machine Learning Research},
  volume={23},
  number={108},
  pages={1--20},
  year={2022}
}

@inproceedings{lee2013pseudo,
  title={Pseudo-label: The simple and efficient semi-supervised learning method for deep neural networks},
  author={Lee, Dong-Hyun},
  booktitle={Workshop on Challenges in Representation Learning, ICML},
  volume={3},
  year={2013}
}

@article{parker2016hash,
  author    = {Parker, Quentin A. and Bojičić, Ivan S. and Frew, David J.},
  title     = {HASH: the Hong Kong/AAO/Strasbourg H-alpha planetary nebula database},
  journal   = {Journal of Physics: Conference Series},
  volume    = {728},
  number    = {3},
  year      = {2016},
  doi       = {10.1088/1742-6596/728/3/032008},
  url       = {https://iopscience.iop.org/article/10.1088/1742-6596/728/3/032008}
}

@article{awangiskandar2020,
  title={Classification of Planetary Nebulae through Deep Transfer Learning},
  author={Iskandar, Awang and Dayang N. F. and Zijlstra, Albert A. and McDonald, Iain and Abdullah, Rosni and Fuller, Gary A. and Fauzi, Ahmad H. and Abdullah, Johari},
  journal={Galaxies},
  volume={8},
  number={4},
  pages={88},
  year={2020},
  publisher={MDPI},
  doi={10.3390/galaxies8040088},
  url={https://www.mdpi.com/journal/galaxies}
}

@misc{paszke2019pytorch,
  title={PyTorch: An Imperative Style, High-Performance Deep Learning Library}, 
  author={Adam Paszke and others},
  year={2019},
  eprint={1912.01703},
  archivePrefix={arXiv},
  primaryClass={cs.LG},
  url={https://arxiv.org/abs/1912.01703}, 
}

@misc{berthelot2019mixmatch,
      title={MixMatch: A Holistic Approach to Semi-Supervised Learning}, 
      author={David Berthelot and Nicholas Carlini and Ian Goodfellow and Nicolas Papernot and Avital Oliver and Colin Raffel},
      year={2019},
      eprint={1905.02249},
      archivePrefix={arXiv},
      primaryClass={cs.LG},
      url={https://arxiv.org/abs/1905.02249}, 
}

@inproceedings{oliver2018realistic,
  title={Realistic Evaluation of Deep Semi-Supervised Learning Algorithms},
  author={Oliver, Avital and Odena, Augustus and Raffel, Colin and Cubuk, Ekin D. and Goodfellow, Ian J.},
  booktitle={Advances in Neural Information Processing Systems (NeurIPS)},
  year={2018}
}

@misc{yu1ut_mixmatch_pytorch,
  author = {YU1ut},
  title = {MixMatch-pytorch: PyTorch implementation of MixMatch},
  year = {2020},
  howpublished = {\url{https://github.com/YU1ut/MixMatch-pytorch}},
  note = {Accessed: December 2024}
}

@misc{hughes_hw1_2024,
  author = {Michael Hughes},
  title = {Homework 1: Transfer Learning for Learning with Limited Labeled Data},
  year = {2024},
  howpublished = {\url{https://www.cs.tufts.edu/cs/152L3D/2024f/hw1.html}},
  note = {Accessed: December 2024}
}

@misc{tufts_hw1_code_2024,
  author = {Tufts ML Courses},
  title = {Starter Code for Homework 1: Transfer Learning},
  year = {2024},
  howpublished = {\url{https://github.com/tufts-ml-courses/cs152l3d-24f-assignments}},
  note = {Accessed: December 2024}
}
