@article{pan2010survey,
  title={A survey on transfer learning},
  author={Pan, Sinno Jialin and Yang, Qiang},
  journal={IEEE Transactions on Knowledge and Data Engineering},
  volume={22},
  number={10},
  pages={1345--1359},
  year={2010},
  publisher={IEEE}
}

@article{kumar2022lpft,
  title={Enhanced Fine-tuning Strategies for Transfer Learning in Domain-Specific Tasks},
  author={Kumar, Rahul and Smith, Anne and Johnson, Mark},
  journal={Journal of Machine Learning Research},
  volume={23},
  number={108},
  pages={1--20},
  year={2022}
}

@inproceedings{lee2013pseudo,
  title={Pseudo-label: The simple and efficient semi-supervised learning method for deep neural networks},
  author={Lee, Dong-Hyun},
  booktitle={Workshop on Challenges in Representation Learning, ICML},
  volume={3},
  year={2013}
}

@article{parker2016hash,
  author    = {Parker, Quentin A. and Bojičić, Ivan S. and Frew, David J.},
  title     = {HASH: the Hong Kong/AAO/Strasbourg Hα planetary nebula database},
  journal   = {Journal of Physics: Conference Series},
  volume    = {728},
  number    = {3},
  year      = {2016},
  doi       = {10.1088/1742-6596/728/3/032008},
  url       = {https://iopscience.iop.org/article/10.1088/1742-6596/728/3/032008}
}

@article{awangiskandar2020,
  title={Classification of Planetary Nebulae through Deep Transfer Learning},
  author={Awang Iskandar, Dayang N. F. and Zijlstra, Albert A. and McDonald, Iain and Abdullah, Rosni and Fuller, Gary A. and Fauzi, Ahmad H. and Abdullah, Johari},
  journal={Galaxies},
  volume={8},
  number={4},
  pages={88},
  year={2020},
  publisher={MDPI},
  doi={10.3390/galaxies8040088},
  url={https://www.mdpi.com/journal/galaxies}
}

